<record xmlns="http://www.loc.gov/MARC21/slim" xmlns:xsi="http://www.w3.org/2001/XMLSchema-instance" xsi:schemaLocation="http://www.loc.gov/MARC21/slim http://www.loc.gov/standards/marcxml/schema/MARC21slim.xsd"><leader>01176nam a2200241   4500</leader><controlfield tag="001">002854155</controlfield><controlfield tag="003">NNU</controlfield><controlfield tag="006">m        d        </controlfield><controlfield tag="007">cr cn |||m|||a</controlfield><controlfield tag="008">140707s1951    le      o     000 0 ara d</controlfield><datafield ind1=" " ind2=" " tag="040"><subfield code="a">NNU</subfield><subfield code="b">eng</subfield><subfield code="c">NNU</subfield></datafield><datafield ind1="1" ind2=" " tag="100"><subfield code="a">Ibn Shah&#299;d, Ab&#363; &#699;&#256;mir &#7716;amad,</subfield><subfield code="d">922 or 3-1034 or 5.</subfield></datafield><datafield ind1="1" ind2="0" tag="245"><subfield code="a">Ris&#257;lat al-taw&#257;bi&#699; wa-al-zaw&#257;bi&#699;</subfield><subfield code="h">[electronic resource] /</subfield><subfield code="c">li-Ibn Shah&#299;d al-Andalus&#299; ; &#7779;a&#7717;&#7717;a&#7717;ah&#257; wa-&#7717;aqqaqa &#7779;addarah&#257; bi-dir&#257;sah t&#257;r&#299;kh&#299;yah adab&#299;yah Bu&#7789;rus al-Bustn&#772;&#299;.</subfield></datafield><datafield ind1=" " ind2=" " tag="260"><subfield code="a">Bayr&#363;t :</subfield><subfield code="b">Maktabat &#7778;&#257;dir,</subfield><subfield code="c">1951.</subfield></datafield><datafield ind1=" " ind2=" " tag="300"><subfield code="a">online resource (215 p.)</subfield></datafield><datafield ind1=" " ind2=" " tag="500"><subfield code="a">Part of the Arabic Collections Online (ACO) project, contributed by New York Univeristy Libraries.</subfield></datafield><datafield ind1=" " ind2=" " tag="533"><subfield code="a">Electronic reproduction.</subfield><subfield code="b">New York, N.Y. :</subfield><subfield code="c">New York University,</subfield><subfield code="d">2014.</subfield><subfield code="5">NNU</subfield></datafield><datafield ind1="1" ind2=" " tag="700"><subfield code="a">Bust&#257;n&#299;, Bu&#7789;rus.</subfield></datafield><datafield ind1="2" ind2=" " tag="710"><subfield code="a">New York University.</subfield><subfield code="b">Libraries.</subfield></datafield><datafield ind1="0" ind2=" " tag="730"><subfield code="a">Arabic Collections Online.</subfield></datafield><datafield ind1="0" ind2="8" tag="776"><subfield code="i">Print version:</subfield><subfield code="a">Ibn Shah&#299;d, Ab&#363; &#699;&#256;mir &#7716;amad, 922 or 3-1034 or 5.</subfield><subfield code="t">Ris&#257;lat al-taw&#257;bi&#699; wa-al-zaw&#257;bi&#699;</subfield><subfield code="w">(NNU)002854155</subfield></datafield><datafield ind1="4" ind2="0" tag="856"><subfield code="u">http://hdl.handle.net/2333.1/tdz08nm6</subfield></datafield><datafield ind1=" " ind2=" " tag="959"><subfield code="a">NNU</subfield><subfield code="b">WEB</subfield><subfield code="c">GENI</subfield><subfield code="t">0</subfield><subfield code="m">Electronic access</subfield><subfield code="s">01</subfield></datafield></record>